@misc{Alten,
author = {Alten},
howpublished = {\url{http:www.alten.nl/nl/alten-pts/}},
year = {2014},
note = "Geraadpleegd 25 Maart 2014"
}

@misc{ednZWave,
author = {EDN},
howpublished = {\url{http://edn.com/design/analog/4426050/The-future-of-home-automation---ZigBee-or-Z-Wave-}},
year = {2014}
}

@inproceedings{BarnesEmEv,
    author  = {Matthew Barnes and Hugh Leather, D. K. Arvind},
    title   = {Emergency Evacuation using Wireless Sensor Networks},
    booktitle = {IEEE International Conference on Local Computer Networks},
    year    = {2007},
    pages   = {851â€“857}
}
@inproceedings{ShaWSN,
    author  = {K. Sha, W. Shi, O. Watkins},
    title   = {Using Wireless Sensor Networks for Fire Rescue Applications: Requirements and Challenges},
    booktitle = {IEEE International Conference on Electro/information Technology},
    year    = {2006},
    pages   = {239-244}
}
@techreport{StatRUP,
	author  = {T. Stathopoulos, J. Heidemann, D. Estrin},
    title   = {A remote code update mechanism for wireless sensor networks},
    institution = {CENS-TR-30},
    year    = {2003}
}
@inproceedings{ZengFire,
    author  = {Y. Zeng, S. Murphy, et al.},
    title   = {Building Fire Emergency Detection and Response Using Wireless Sensor Networks},
    booktitle = {9th Information Technology \& Telecommunications Conference},
    year    = {2009}
}

@inproceedings{nesC,
	author = {D. Gay, P. Levis},
	title = {The nesC language: A holistic approach to networked embedded systems},
	institution = {ACM SIGPLAN},
	year = {2003}
}

@article{akyildiz2002wireless,
  title={Wireless sensor networks: a survey},
  author={Akyildiz, Ian F and Su, Weilian and Sankarasubramaniam, Yogesh and Cayirci, Erdal},
  journal={Computer networks},
  volume={38},
  number={4},
  pages={393--422},
  year={2002},
  publisher={Elsevier}
}

@book{gutierrez2004low,
  title={Low-rate wireless personal area networks: enabling wireless sensors with IEEE 802.15. 4},
  author={Gutierrez, Jose A and Callaway, Edgar H and Barrett, Raymond L},
  year={2004},
  publisher={IEEE Standards Association}
}

@manual{ITUG9959,
  title={G.9959 : Short range narrow-band digital radiocommunication transceivers - PHY and MAC layer specifications.},
  author={International Telecommunication Union (ITU)},
  year={2012}
}