@misc{Alten,
author = {Alten PTS},
howpublished = "\url{http:www.alten.nl/nl/alten-pts/}",
year = {2014},
note = " Geraadpleegd 25 Maart 2014"
}

@inproceedings{BarnesEmEv,
    author  = {Matthew Barnes, Hugh Leather, D. K. Arvind},
    title   = {Emergency Evacuation using Wireless Sensor Networks},
    booktitle = {IEEE International Conference on Local Computer Networks},
    year    = {2007},
    pages   = {851â€“857}
}
@inproceedings{ShaWSN,
    author  = {K. Sha, W. Shi, O. Watkins},
    title   = {Using Wireless Sensor Networks for Fire Rescue Applications: Requirements and Challenges},
    booktitle = {IEEE International Conference on Electro/information Technology},
    year    = {2006},
    pages   = {239-244}
}
@techreport{StatRUP,
	author  = {T. Stathopoulos, J. Heidemann, D. Estrin},
    title   = {A remote code update mechanism for wireless sensor networks},
    institution = {CENS-TR-30},
    year    = {2003}
}
@inproceedings{ZengFire,
    author  = {Y. Zeng, S. Murphy, L. Sitanayah, et al.},
    title   = {Building Fire Emergency Detection and Response Using Wireless Sensor Networks},
    booktitle = {9th Information Technology \& Telecommunications Conference},
    year    = {2009}
}

@proceedings{nesC,
	editor = {David Gay, Philip Levis},
	title = {The nesC language: A holistic approach to networked embedded systems},
	organization = {ACM SIGPLAN},
	month = {Juni},
	year = {2003}
}